@inproceedings{Tiny-FPGA_LUMS,
	author={A. {Ahmad} and M. A. {Pasha} and G. J. {Raza}},
	booktitle={2020 IEEE International Symposium on Circuits and Systems (ISCAS)}, 
	title={{Accelerating Tiny YOLOv3 using FPGA-Based Hardware/Software Co-Design}}, 
	year={2020},
	volume={},
	number={},
	pages={1-5},
	doi={10.1109/ISCAS45731.2020.9180843}
}

@inbook{Tiny-FPGA_ImperialCollege,
	author = {Yu, Zhewen and Bouganis, Christos},
	year = {2020},
	month = {03},
	pages = {330-344},
	title = {{A Parameterisable FPGA-Tailored Architecture for YOLOv3-Tiny}},
	isbn = {978-3-030-44533-1},
	doi = {10.1007/978-3-030-44534-8_25}
}

@INPROCEEDINGS{Tiny-FPGA_100FPS_Nov2020,
        author={S. {Oh} and J. -H. {You} and Y. -K. {Kim}},
	booktitle={2020 IEEE International Conference on Consumer Electronics - Asia (ICCE-Asia)},
	title={{Implementation of Compressed YOLOv3-tiny on FPGA-SoC}},
	year={2020},
	volume={},
	number={},
	pages={1-4},
	doi={10.1109/ICCE-Asia49877.2020.9277266}
}
